
@InProceedings{D17-1047,
  author =  "Chen, Peng
    and Sun, Zhongqian
    and Bing, Lidong
    and Yang, Wei",
  title =   "Recurrent Attention Network on Memory for Aspect Sentiment Analysis",
  booktitle =   "Proceedings of the 2017 Conference on Empirical Methods in Natural      Language Processing    ",
  year =  "2017",
  publisher =   "Association for Computational Linguistics",
  pages =   "452--461",
  location =  "Copenhagen, Denmark",
  doi =   "10.18653/v1/D17-1047",
  url =   "http://aclweb.org/anthology/D17-1047"
}


@article{DBLP:journals/corr/FengXGWZ15,
  author    = {Minwei Feng and
               Bing Xiang and
               Michael R. Glass and
               Lidan Wang and
               Bowen Zhou},
  title     = {Applying Deep Learning to Answer Selection: {A} Study and An Open
               Task},
  journal   = {CoRR},
  volume    = {abs/1508.01585},
  year      = {2015},
  url       = {http://arxiv.org/abs/1508.01585},
  archivePrefix = {arXiv},
  eprint    = {1508.01585},
  timestamp = {Mon, 13 Aug 2018 16:46:12 +0200},
  biburl    = {https://dblp.org/rec/bib/journals/corr/FengXGWZ15},
  bibsource = {dblp computer science bibliography, https://dblp.org}
}

@incollection{NIPS2017_7181,
title = {Attention is All you Need},
author = {Vaswani, Ashish and Shazeer, Noam and Parmar, Niki and Uszkoreit, Jakob and Jones, Llion and Gomez, Aidan N and Kaiser, \L ukasz and Polosukhin, Illia},
booktitle = {Advances in Neural Information Processing Systems 30},
editor = {I. Guyon and U. V. Luxburg and S. Bengio and H. Wallach and R. Fergus and S. Vishwanathan and R. Garnett},
pages = {5998--6008},
year = {2017},
publisher = {Curran Associates, Inc.},
url = {http://papers.nips.cc/paper/7181-attention-is-all-you-need.pdf}
}

@InProceedings{ACLP17-1152,
  author =  "Chen, Qian
    and Zhu, Xiaodan
    and Ling, Zhen-Hua
    and Wei, Si
    and Jiang, Hui
    and Inkpen, Diana",
  title =   "Enhanced LSTM for Natural Language Inference",
  booktitle =   "Proceedings of the 55th Annual Meeting of the Association for      Computational Linguistics (Volume 1: Long Papers)    ",
  year =  "2017",
  publisher =   "Association for Computational Linguistics",
  pages =   "1657--1668",
  location =  "Vancouver, Canada",
  doi =   "10.18653/v1/P17-1152",
  url =   "http://aclweb.org/anthology/P17-1152"
}

@InProceedings{W16-4801,
  author =  "Malmasi, Shervin
    and Zampieri, Marcos
    and Ljube{\v{s}}i{\'{c}}, Nikola
    and Nakov, Preslav
    and Ali, Ahmed
    and Tiedemann, J{\"o}rg",
  title =   "Discriminating between Similar Languages and Arabic Dialect      Identification: A Report on the Third DSL Shared Task    ",
  booktitle =   "Proceedings of the Third Workshop on NLP for Similar Languages, Varieties      and Dialects (VarDial3)    ",
  year =  "2016",
  publisher =   "The COLING 2016 Organizing Committee",
  pages =   "1--14",
  location =  "Osaka, Japan",
  url =   "http://aclweb.org/anthology/W16-4801"
}

@InProceedings{W17-1201,
  author =  "Zampieri, Marcos
    and Malmasi, Shervin
    and Ljube{\v{s}}i{\'{c}}, Nikola
    and Nakov, Preslav
    and Ali, Ahmed
    and Tiedemann, J{\"o}rg
    and Scherrer, Yves
    and Aepli, No{\"e}mi",
  title =   "Findings of the VarDial Evaluation Campaign 2017",
  booktitle =   "Proceedings of the Fourth Workshop on NLP for Similar Languages,      Varieties and Dialects (VarDial)     ",
  year =  "2017",
  publisher =   "Association for Computational Linguistics",
  pages =   "1--15",
  location =  "Valencia, Spain",
  doi =   "10.18653/v1/W17-1201",
  url =   "http://aclweb.org/anthology/W17-1201"
}

@InProceedings{W18-3901,
  author =  "Zampieri, Marcos
    and Malmasi, Shervin
    and Nakov, Preslav
    and Ali, Ahmed
    and Shon, Suwon
    and Glass, James
    and Scherrer, Yves
    and Samard{\v{z}}i{\'{c}}, Tanja
    and Ljube{\v{s}}i{\'{c}}, Nikola
    and Tiedemann, J{\"o}rg
    and van der Lee, Chris
    and Grondelaers, Stefan
    and Oostdijk, Nelleke
    and Speelman, Dirk
    and van den Bosch, Antal
    and Kumar, Ritesh
    and Lahiri, Bornini
    and Jain, Mayank",
  title =   "Language Identification and Morphosyntactic Tagging: The Second VarDial Evaluation Campaign",
  booktitle =   "Proceedings of the Fifth Workshop on NLP for Similar Languages, Varieties and Dialects (VarDial 2018)",
  year =  "2018",
  publisher =   "Association for Computational Linguistics",
  pages =   "1--17",
  location =  "Santa Fe, New Mexico, USA",
  url =   "http://aclweb.org/anthology/W18-3901"
}

@InProceedings{W18-3901,
  author =  "Zampieri, Marcos
    and Malmasi, Shervin
    and Nakov, Preslav
    and Ali, Ahmed
    and Shon, Suwon
    and Glass, James
    and Scherrer, Yves
    and Samard{\v{z}}i{\'{c}}, Tanja
    and Ljube{\v{s}}i{\'{c}}, Nikola
    and Tiedemann, J{\"o}rg
    and van der Lee, Chris
    and Grondelaers, Stefan
    and Oostdijk, Nelleke
    and Speelman, Dirk
    and van den Bosch, Antal
    and Kumar, Ritesh
    and Lahiri, Bornini
    and Jain, Mayank",
  title =   "Language Identification and Morphosyntactic Tagging: The Second VarDial Evaluation Campaign",
  booktitle =   "Proceedings of the Fifth Workshop on NLP for Similar Languages, Varieties and Dialects (VarDial 2018)",
  year =  "2018",
  publisher =   "Association for Computational Linguistics",
  pages =   "1--17",
  location =  "Santa Fe, New Mexico, USA",
  url =   "http://aclweb.org/anthology/W18-3901"
}

@InProceedings{U13-1003,
  author =  "Lui, Marco
    and Cook, Paul",
  title =   "Classifying English Documents by National Dialect",
  booktitle =   "Proceedings of the Australasian Language Technology Association Workshop 2013 (ALTA 2013)",
  year =  "2013",
  pages =   "5--15",
  location =  "Brisbane, Australia",
  url =   "http://aclweb.org/anthology/U13-1003"
}

@inproceedings{Ciobanu2016ACP,
  title={A Computational Perspective on the Romanian Dialects},
  author={Alina Maria Ciobanu and Liviu P. Dinu},
  booktitle={Proceedings of Language Resources and Evaluation (LREC)},
  year={2016},
  url = "http://www.lrec-conf.org/proceedings/lrec2016/pdf/1140_Paper.pdf"
}

@inproceedings{Zampieri2012AutomaticIO,
  title={Automatic identification of language varieties: The case of Portuguese},
  author={Marcos Zampieri and Binyam Gebrekidan Gebre},
  booktitle={Proceedings of KONVENS},
  year={2012},
  url = "http://uni-koeln.de/~mzampie2/papers/konvens.pdf"
}

@InProceedings{W17-1221,
  author =  "Clematide, Simon
    and Makarov, Peter",
  title =   "CLUZH at VarDial GDI 2017: Testing a Variety of Machine Learning Tools      for the Classification of Swiss German Dialects     ",
  booktitle =   "Proceedings of the Fourth Workshop on NLP for Similar Languages,      Varieties and Dialects (VarDial)     ",
  year =  "2017",
  publisher =   "Association for Computational Linguistics",
  pages =   "170--177",
  location =  "Valencia, Spain",
  doi =   "10.18653/v1/W17-1221",
  url =   "http://aclweb.org/anthology/W17-1221"
}

@InProceedings{W18-3922,
  author =  "Kreutz, Tim
    and Daelemans, Walter",
  title =   "Exploring Classifier Combinations for Language Variety Identification",
  booktitle =   "Proceedings of the Fifth Workshop on NLP for Similar Languages, Varieties and Dialects (VarDial 2018)",
  year =  "2018",
  publisher =   "Association for Computational Linguistics",
  pages =   "191--198",
  location =  "Santa Fe, New Mexico, USA",
  url =   "http://aclweb.org/anthology/W18-3922"
}

@InProceedings{W18-3906,
  author =  "{\c{C}}{\"o}ltekin, {\c{C}}a{\u{g}}r{\i}
    and Rama, Taraka
    and Blaschke, Verena",
  title =   "T{\"u}bingen-Oslo Team at the VarDial 2018 Evaluation Campaign: An Analysis of N-gram Features in Language Variety Identification",
  booktitle =   "Proceedings of the Fifth Workshop on NLP for Similar Languages, Varieties and Dialects (VarDial 2018)",
  year =  "2018",
  publisher =   "Association for Computational Linguistics",
  pages =   "55--65",
  location =  "Santa Fe, New Mexico, USA",
  url =   "http://aclweb.org/anthology/W18-3906"
}

@InProceedings{Y08-1042,
  author =  "Huang, Chu-Ren
    and Lee, Lung-Hao",
  title =   "Contrastive Approach towards Text Source Classification based on Top-Bag-of-Word Similarity",
  booktitle =   "Proceedings of the 22nd Pacific Asia Conference on Language, Information and Computation",
  year =  "2008",
  url =   "http://aclweb.org/anthology/Y08-1042"
}

@article{IJNLC2016:5,
  author = {Fan Xu and Mingwen Wang and Maoxi Li},
  year = "2016",
  title = {Sentence-Level Dialects Identification in the Greater China Region},
  journal = {International Journal on Natural Language Computing (IJNLC)},
  volume = "5",
  number = "6",
  doi = "10.5121/ijnlc.2016.5602",
}

@article{DBLP:journals/corr/abs-1301-3781,
  author    = {Tomas Mikolov and
               Kai Chen and
               Greg Corrado and
               Jeffrey Dean},
  title     = {Efficient Estimation of Word Representations in Vector Space},
  journal   = {CoRR},
  volume    = {abs/1301.3781},
  year      = {2013},
  url       = {http://arxiv.org/abs/1301.3781},
  archivePrefix = {arXiv},
  eprint    = {1301.3781},
  timestamp = {Mon, 13 Aug 2018 16:48:33 +0200},
  biburl    = {https://dblp.org/rec/bib/journals/corr/abs-1301-3781},
  bibsource = {dblp computer science bibliography, https://dblp.org}
}

@inproceedings{pennington2014glove,
  author = {Jeffrey Pennington and Richard Socher and Christopher D. Manning},
  booktitle = {Empirical Methods in Natural Language Processing (EMNLP)},
  title = {GloVe: Global Vectors for Word Representation},
  year = {2014},
  pages = {1532--1543},
  url = {http://www.aclweb.org/anthology/D14-1162},
}

@article{bojanowski2017enriching,
  title={Enriching Word Vectors with Subword Information},
  author={Bojanowski, Piotr and Grave, Edouard and Joulin, Armand and Mikolov, Tomas},
  journal={Transactions of the Association for Computational Linguistics},
  volume={5},
  year={2017},
  issn={2307-387X},
  pages={135--146}
}

@InProceedings{D14-1181,
  author =  "Kim, Yoon",
  title =   "Convolutional Neural Networks for Sentence Classification",
  booktitle =   "Proceedings of the 2014 Conference on Empirical Methods in Natural      Language Processing (EMNLP)    ",
  year =  "2014",
  publisher =   "Association for Computational Linguistics",
  pages =   "1746--1751",
  location =  "Doha, Qatar",
  doi =   "10.3115/v1/D14-1181",
  url =   "http://aclweb.org/anthology/D14-1181"
}

@InProceedings{P14-1062,
  author =  "Kalchbrenner, Nal
    and Grefenstette, Edward
    and Blunsom, Phil",
  title =   "A Convolutional Neural Network for Modelling Sentences",
  booktitle =   "Proceedings of the 52nd Annual Meeting of the Association for      Computational Linguistics (Volume 1: Long Papers)    ",
  year =  "2014",
  publisher =   "Association for Computational Linguistics",
  pages =   "655--665",
  location =  "Baltimore, Maryland",
  doi =   "10.3115/v1/P14-1062",
  url =   "http://aclweb.org/anthology/P14-1062"
}

@InProceedings{P17-1052,
  author =  "Johnson, Rie
    and Zhang, Tong",
  title =   "Deep Pyramid Convolutional Neural Networks for Text Categorization",
  booktitle =   "Proceedings of the 55th Annual Meeting of the Association for      Computational Linguistics (Volume 1: Long Papers)    ",
  year =  "2017",
  publisher =   "Association for Computational Linguistics",
  pages =   "562--570",
  location =  "Vancouver, Canada",
  doi =   "10.18653/v1/P17-1052",
  url =   "http://aclweb.org/anthology/P17-1052"
}

@article{DBLP:journals/corr/BahdanauCB14,
  author    = {Dzmitry Bahdanau and
               Kyunghyun Cho and
               Yoshua Bengio},
  title     = {Neural Machine Translation by Jointly Learning to Align and Translate},
  journal   = {CoRR},
  volume    = {abs/1409.0473},
  year      = {2014},
  url       = {http://arxiv.org/abs/1409.0473},
  archivePrefix = {arXiv},
  eprint    = {1409.0473},
  timestamp = {Mon, 13 Aug 2018 16:46:05 +0200},
  biburl    = {https://dblp.org/rec/bib/journals/corr/BahdanauCB14},
  bibsource = {dblp computer science bibliography, https://dblp.org}
}

@article{DBLP:journals/corr/VaswaniSPUJGKP17,
  author    = {Ashish Vaswani and
               Noam Shazeer and
               Niki Parmar and
               Jakob Uszkoreit and
               Llion Jones and
               Aidan N. Gomez and
               Lukasz Kaiser and
               Illia Polosukhin},
  title     = {Attention Is All You Need},
  journal   = {CoRR},
  volume    = {abs/1706.03762},
  year      = {2017},
  url       = {http://arxiv.org/abs/1706.03762},
  archivePrefix = {arXiv},
  eprint    = {1706.03762},
  timestamp = {Mon, 13 Aug 2018 16:48:37 +0200},
  biburl    = {https://dblp.org/rec/bib/journals/corr/VaswaniSPUJGKP17},
  bibsource = {dblp computer science bibliography, https://dblp.org}
}

@article{DBLP:journals/corr/LinFSYXZB17,
  author    = {Zhouhan Lin and
               Minwei Feng and
               C{\'{\i}}cero Nogueira dos Santos and
               Mo Yu and
               Bing Xiang and
               Bowen Zhou and
               Yoshua Bengio},
  title     = {A Structured Self-attentive Sentence Embedding},
  journal   = {CoRR},
  volume    = {abs/1703.03130},
  year      = {2017},
  url       = {http://arxiv.org/abs/1703.03130},
  archivePrefix = {arXiv},
  eprint    = {1703.03130},
  timestamp = {Mon, 13 Aug 2018 16:46:06 +0200},
  biburl    = {https://dblp.org/rec/bib/journals/corr/LinFSYXZB17},
  bibsource = {dblp computer science bibliography, https://dblp.org}
}

@article{DBLP:journals/corr/ZhouSLL15b,
  author    = {Chunting Zhou and
               Chonglin Sun and
               Zhiyuan Liu and
               Francis C. M. Lau},
  title     = {A {C-LSTM} Neural Network for Text Classification},
  journal   = {CoRR},
  volume    = {abs/1511.08630},
  year      = {2015},
  url       = {http://arxiv.org/abs/1511.08630},
  archivePrefix = {arXiv},
  eprint    = {1511.08630},
  timestamp = {Mon, 13 Aug 2018 16:48:25 +0200},
  biburl    = {https://dblp.org/rec/bib/journals/corr/ZhouSLL15b},
  bibsource = {dblp computer science bibliography, https://dblp.org}
}

@article{DBLP:journals/corr/KingmaB14,
  author    = {Diederik P. Kingma and
               Jimmy Ba},
  title     = {Adam: {A} Method for Stochastic Optimization},
  journal   = {CoRR},
  volume    = {abs/1412.6980},
  year      = {2014},
  url       = {http://arxiv.org/abs/1412.6980},
  archivePrefix = {arXiv},
  eprint    = {1412.6980},
  timestamp = {Mon, 13 Aug 2018 16:47:35 +0200},
  biburl    = {https://dblp.org/rec/bib/journals/corr/KingmaB14},
  bibsource = {dblp computer science bibliography, https://dblp.org}
}